<record xmlns="http://www.loc.gov/MARC21/slim" xmlns:xsi="http://www.w3.org/2001/XMLSchema-instance" xsi:schemaLocation="http://www.loc.gov/MARC21/slim http://www.loc.gov/standards/marcxml/schema/MARC21slim.xsd"><leader>     nam a22        4500</leader><controlfield tag="001">7070817</controlfield><controlfield tag="003">NIC</controlfield><controlfield tag="006">m        d        </controlfield><controlfield tag="007">cr cn |||m|||a</controlfield><controlfield tag="008">150323s1984    ir h    ob    001 0cara d</controlfield><datafield ind1=" " ind2=" " tag="040"><subfield code="a">NNU</subfield><subfield code="b">eng</subfield><subfield code="c">NNU</subfield></datafield><datafield ind1=" " ind2=" " tag="043"><subfield code="a">a-ba---</subfield></datafield><datafield ind1=" " ind2="4" tag="050"><subfield code="a">BP192.7.B26</subfield><subfield code="b">I27 1983</subfield></datafield><datafield ind1="1" ind2=" " tag="100"><subfield code="6">880-01</subfield><subfield code="a">Ibn &#699;Amma&#772;r al-Bah&#803;ra&#772;ni&#772;, Sulayma&#772;n ibn &#699;Abd Alla&#772;h,</subfield><subfield code="d">1664 or 1665-1709 or 1710.</subfield></datafield><datafield ind1="1" ind2="0" tag="245"><subfield code="6">880-02</subfield><subfield code="a">Fihrist A&#772;l Ba&#772;bawayh wa-&#699;Ulama&#772;&#700; al-Bah&#803;rayn</subfield><subfield code="h">[electronic resource] /</subfield><subfield code="c">ta&#700;li&#772;f Sulayma&#772;n al-Ma&#772;h&#803;uzzi&#772; al-Bah&#803;ra&#772;ni&#772; ; tah&#803;qi&#772;q Ah&#803;mad al-H&#803;usayni&#772; ; bi-ihtima&#772;m Mah&#803;mu&#772;d al-Mar&#699;ashi.</subfield></datafield><datafield ind1=" " ind2=" " tag="260"><subfield code="6">880-03</subfield><subfield code="a">Qum :</subfield><subfield code="b">Maktabat Ayat Alla&#772;h al-Mar&#699;ashi&#772; al-&#699;A&#772;mmah,</subfield><subfield code="c">1404 [1984 or 1985]</subfield></datafield><datafield ind1=" " ind2=" " tag="300"><subfield code="a">online resource (121 p.) :</subfield><subfield code="b">facsims.</subfield></datafield><datafield ind1="1" ind2=" " tag="490"><subfield code="6">880-04</subfield><subfield code="a">Makht&#803;u&#772;t&#803;a&#772;t Maktabat Ayat Alla&#772;h al-Mar&#699;ashi&#772; al-&#699;A&#772;mmah ;</subfield><subfield code="v">8</subfield></datafield><datafield ind1=" " ind2=" " tag="500"><subfield code="a">In Arabic.</subfield></datafield><datafield ind1=" " ind2=" " tag="500"><subfield code="a">Part of the Arabic Collections Online (ACO) project, contributed by Cornell University Libraries.</subfield></datafield><datafield ind1=" " ind2=" " tag="504"><subfield code="a">Includes bibliographical references and indexes.</subfield></datafield><datafield ind1=" " ind2=" " tag="533"><subfield code="a">Electronic reproduction.</subfield><subfield code="b">New York, N.Y. :</subfield><subfield code="c">New York University,</subfield><subfield code="d">2015.</subfield><subfield code="5">NNU</subfield></datafield><datafield ind1=" " ind2="0" tag="650"><subfield code="a">Shiites</subfield><subfield code="z">Bahrain</subfield><subfield code="v">Biography</subfield><subfield code="v">Early works to 1800.</subfield></datafield><datafield ind1=" " ind2="0" tag="650"><subfield code="a">Ulama</subfield><subfield code="z">Bahrain</subfield><subfield code="v">Biography</subfield><subfield code="v">Early works to 1800.</subfield></datafield><datafield ind1=" " ind2="0" tag="650"><subfield code="a">Muslims</subfield><subfield code="z">Bahrain</subfield><subfield code="v">Biography</subfield><subfield code="v">Early works to 1800.</subfield></datafield><datafield ind1=" " ind2="0" tag="650"><subfield code="a">Muslim scholars</subfield><subfield code="z">Bahrain</subfield><subfield code="v">Biography</subfield><subfield code="v">Early works to 1800.</subfield></datafield><datafield ind1=" " ind2="0" tag="651"><subfield code="a">Bahrain</subfield><subfield code="v">Biography</subfield><subfield code="v">Early works to 1800.</subfield></datafield><datafield ind1=" " ind2="7" tag="650"><subfield code="a">Muslim scholars.</subfield><subfield code="2">fast</subfield><subfield code="0">(OCoLC)fst01731774</subfield></datafield><datafield ind1=" " ind2="7" tag="650"><subfield code="a">Muslims.</subfield><subfield code="2">fast</subfield><subfield code="0">(OCoLC)fst01031029</subfield></datafield><datafield ind1=" " ind2="7" tag="650"><subfield code="a">Shiites.</subfield><subfield code="2">fast</subfield><subfield code="0">(OCoLC)fst01115976</subfield></datafield><datafield ind1=" " ind2="7" tag="650"><subfield code="a">Ulama.</subfield><subfield code="2">fast</subfield><subfield code="0">(OCoLC)fst01160605</subfield></datafield><datafield ind1=" " ind2="7" tag="651"><subfield code="a">Bahrain.</subfield><subfield code="2">fast</subfield><subfield code="0">(OCoLC)fst01206601</subfield></datafield><datafield ind1=" " ind2="7" tag="650"><subfield code="a">Gelehrter.</subfield><subfield code="0">(DE-588)4156443-1</subfield><subfield code="2">gnd</subfield></datafield><datafield ind1=" " ind2="7" tag="650"><subfield code="a">Schiiten.</subfield><subfield code="0">(DE-588)4052455-3</subfield><subfield code="2">gnd</subfield></datafield><datafield ind1=" " ind2="7" tag="651"><subfield code="a">Bahrain.</subfield><subfield code="0">(DE-588)4004268-6</subfield><subfield code="2">gnd</subfield></datafield><datafield ind1=" " ind2="7" tag="655"><subfield code="a">Biography.</subfield><subfield code="2">fast</subfield><subfield code="0">(OCoLC)fst01423686</subfield></datafield><datafield ind1=" " ind2="7" tag="655"><subfield code="a">Early works.</subfield><subfield code="2">fast</subfield><subfield code="0">(OCoLC)fst01411636</subfield></datafield><datafield ind1="1" ind2=" " tag="700"><subfield code="6">880-05</subfield><subfield code="a">H&#803;usayni&#772;, Ah&#803;mad,</subfield><subfield code="c">Bik.</subfield></datafield><datafield ind1="1" ind2=" " tag="700"><subfield code="6">880-06</subfield><subfield code="a">Mar&#699;ashi&#772;, Mah&#803;mu&#772;d.</subfield></datafield><datafield ind1="2" ind2=" " tag="710"><subfield code="a">Cornell University.</subfield><subfield code="b">Libraries.</subfield></datafield><datafield ind1="0" ind2=" " tag="730"><subfield code="a">Arabic Collections Online.</subfield></datafield><datafield ind1="0" ind2="8" tag="776"><subfield code="i">Print version:</subfield><subfield code="a">Ibn &#699;Amma&#772;r al-Bah&#803;ra&#772;ni&#772;, Sulayma&#772;n ibn &#699;Abd Alla&#772;h, 1664 or 1665-1709 or 1710.</subfield><subfield code="t">Fihrist A&#772;l Ba&#772;bawayh wa-&#699;Ulama&#772;&#700; al-Bah&#803;rayn</subfield><subfield code="w">(NIC)7070817</subfield><subfield code="w">(OCoLC)24939413</subfield></datafield><datafield ind1=" " ind2="0" tag="830"><subfield code="6">880-07</subfield><subfield code="a">Min makht&#803;u&#772;t&#803;a&#772;t Maktabat A&#772;yat Alla&#772;h al-Mar&#699;ashi&#772; al-&#699;A&#772;mmah ;</subfield><subfield code="v">8.</subfield></datafield><datafield ind1="4" ind2="0" tag="856"><subfield code="u">http://hdl.handle.net/2333.1/8gtht9hd</subfield></datafield><datafield ind1="1" ind2=" " tag="880"><subfield code="6">100-01/r</subfield><subfield code="a">&#1575;&#1576;&#1606; &#1593;&#1605;&#1575;&#1585; &#1575;&#1604;&#1576;&#1581;&#1585;&#1575;&#1606;&#1610;&#1548; &#1587;&#1604;&#1610;&#1605;&#1575;&#1606; &#1576;&#1606; &#1593;&#1576;&#1583; &#1575;&#1604;&#1604;&#1607;&#1548;</subfield><subfield code="d">1664 or 1665-1709 or 1710.</subfield></datafield><datafield ind1="1" ind2="0" tag="880"><subfield code="6">245-02/r</subfield><subfield code="a">&#1601;&#1607;&#1585;&#1587;&#1578; &#1570;&#1604; &#1576;&#1575;&#1576;&#1608;&#1610;&#1607; &#1608;&#1593;&#1604;&#1605;&#1575;&#1569; &#1575;&#1604;&#1576;&#1581;&#1585;&#1610;&#1606; /</subfield><subfield code="c">&#1578;&#1571;&#1604;&#1610;&#1601; &#1587;&#1604;&#1610;&#1605;&#1575;&#1606; &#1575;&#1604;&#1605;&#1575;&#1581;&#1586;&#1610; &#1575;&#1604;&#1576;&#1581;&#1585;&#1575;&#1606;&#1610; &#1563; &#1578;&#1581;&#1602;&#1610;&#1602; &#1575;&#1581;&#1605;&#1583; &#1575;&#1604;&#1581;&#1587;&#1610;&#1606;&#1610; &#1563; &#1576;&#1575;&#1607;&#1578;&#1605;&#1575;&#1605; &#1605;&#1581;&#1605;&#1608;&#1583; &#1575;&#1604;&#1605;&#1585;&#1593;&#1588;.</subfield></datafield><datafield ind1=" " ind2=" " tag="880"><subfield code="6">260-03/r</subfield><subfield code="a">&#1602;&#1605; :</subfield><subfield code="b">&#1605;&#1603;&#1578;&#1576;&#1577; &#1575;&#1610;&#1577; &#1575;&#1604;&#1604;&#1607; &#1575;&#1604;&#1605;&#1585;&#1593;&#1588;&#1610; &#1575;&#1604;&#1593;&#1575;&#1605;&#1577;&#1548;</subfield><subfield code="c">1404 [1984 or 1985]</subfield></datafield><datafield ind1="1" ind2=" " tag="880"><subfield code="6">490-04/r</subfield><subfield code="a">&#1605;&#1582;&#1591;&#1608;&#1591;&#1575;&#1578; &#1605;&#1603;&#1578;&#1576;&#1577; &#1575;&#1610;&#1577; &#1575;&#1604;&#1604;&#1607; &#1575;&#1604;&#1605;&#1585;&#1593;&#1588;&#1610; &#1575;&#1604;&#1593;&#1575;&#1605;&#1577; &#1563;</subfield><subfield code="v">8</subfield></datafield><datafield ind1="1" ind2=" " tag="880"><subfield code="6">700-05/r</subfield><subfield code="a">&#1581;&#1587;&#1610;&#1606;&#1610;&#1548; &#1575;&#1581;&#1605;&#1583;&#1548;</subfield><subfield code="c">&#1576;&#1603;.</subfield></datafield><datafield ind1="1" ind2=" " tag="880"><subfield code="6">700-06/r</subfield><subfield code="a">&#1605;&#1585;&#1593;&#1588;&#1610;&#1548; &#1605;&#1581;&#1605;&#1608;&#1583;.</subfield></datafield><datafield ind1=" " ind2="0" tag="880"><subfield code="6">830-07/r</subfield><subfield code="a">&#1605;&#1582;&#1591;&#1608;&#1591;&#1575;&#1578; &#1605;&#1603;&#1578;&#1576;&#1577; &#1575;&#1610;&#1577; &#1575;&#1604;&#1604;&#1607; &#1575;&#1604;&#1605;&#1585;&#1593;&#1588;&#1610; &#1575;&#1604;&#1593;&#1575;&#1605;&#1577; &#1563;</subfield><subfield code="v">8</subfield></datafield><datafield ind1=" " ind2=" " tag="959"><subfield code="a">NNU</subfield><subfield code="b">WEB</subfield><subfield code="c">GENI</subfield><subfield code="t">0</subfield><subfield code="m">Electronic access</subfield><subfield code="s">01</subfield></datafield><datafield ind1=" " ind2=" " tag="999"><subfield code="i">NIC_7070817</subfield><subfield code="o">(OCoLC)ocm24939413</subfield><subfield code="s">cornell_aco000311</subfield><subfield code="e">(ERROR-880)(ERROR-SERIES)</subfield><subfield code="s">cornell_aco000311</subfield></datafield></record>